
@article{satopaa_finding_2011,
	title = {Finding a "Kneedle" in a Haystack: Detecting Knee Points in System Behavior},
	doi = {10.1109/ICDCSW.2011.20},
	pages = {166--171},
	journaltitle = {2011 31st International Conference on Distributed Computing Systems Workshops ({ICDCS} Workshops)},
	author = {Satopaa, Ville and Albrecht, Jeannie and Irwin, David and Raghavan, Barath},
	date = {2011},
}

@article{mcinnes_umap_2020,
	title = {{UMAP}: Uniform Manifold Approximation and Projection for Dimension Reduction},
	journaltitle = {{arXiv}:1802.03426 [cs, stat]},
	author = {{McInnes}, Leland and Healy, John and Melville, James},
	date = {2020},
	keywords = {Computer Science - Computational Geometry, Computer Science - Machine Learning, Statistics - Machine Learning},
}

@article{mcinnes_hdbscan_2017,
	title = {hdbscan: Hierarchical density based clustering},
	volume = {2},
	doi = {10.21105/joss.00205},
	pages = {205},
	number = {11},
	journaltitle = {The Journal of Open Source Software},
	shortjournal = {{JOSS}},
	author = {{McInnes}, Leland and Healy, John and Astels, Steve},
	date = {2017},
}

@article{malzer_hybrid_2020,
	title = {A Hybrid Approach To Hierarchical Density-based Cluster Selection},
	doi = {10.1109/MFI49285.2020.9235263},
	pages = {223--228},
	journaltitle = {2020 {IEEE} International Conference on Multisensor Fusion and Integration for Intelligent Systems ({MFI})},
	author = {Malzer, Claudia and Baum, Marcus},
	date = {2020},
	keywords = {Computer Science - Databases},
}